<record><leader>00000cas a22000007a 4500</leader><controlfield tag="001">18102274</controlfield><controlfield tag="008">880617d18871982ohuwr ne      0    0eng d</controlfield><datafield ind1=" " ind2=" " tag="010"><subfield code="a">sn 88077530 </subfield></datafield><datafield ind1=" " ind2=" " tag="040"><subfield code="a">ONP</subfield><subfield code="b">eng</subfield><subfield code="c">ONP</subfield><subfield code="d">OCLCQ</subfield></datafield><datafield ind1=" " ind2=" " tag="042"><subfield code="a">msc</subfield></datafield><datafield ind1="0" ind2="4" tag="245"><subfield code="a">The Mt. Sterling tribune.</subfield></datafield><datafield ind1="3" ind2="0" tag="246"><subfield code="a">Mount Sterling tribune</subfield></datafield><datafield ind1=" " ind2=" " tag="260"><subfield code="a">Mount Sterling, Ohio :</subfield><subfield code="b">Thomas &amp; Baldwin,</subfield><subfield code="c">-1982.</subfield></datafield><datafield ind1=" " ind2=" " tag="310"><subfield code="a">Weekly</subfield></datafield><datafield ind1="1" ind2=" " tag="362"><subfield code="a">Began in Jan. 1887.</subfield></datafield><datafield ind1="0" ind2=" " tag="362"><subfield code="a">-69th year, no. 12 (Mar. 25, 1982).</subfield></datafield><datafield ind1=" " ind2=" " tag="588"><subfield code="a">Description based on: Vol. 43, no. 25 (June 20, 1929).</subfield></datafield><datafield ind1=" " ind2=" " tag="752"><subfield code="a">United States</subfield><subfield code="b">Ohio</subfield><subfield code="c">Madison</subfield><subfield code="d">Mount Sterling.</subfield></datafield><datafield ind1="0" ind2="0" tag="785"><subfield code="t">Tribune (Mount Sterling, Ohio)</subfield><subfield code="w">(DLC)sn 88077531</subfield></datafield></record>